@misc{child-mind-institute-problematic-internet-use,
  title     = {Child Mind Institute â€” Problematic Internet Use},
  author    = {Adam Santorelli and Arianna Zuanazzi and Michael Leyden and Logan Lawler and Maggie Devkin and Yuki Kotani and Gregory Kiar},
  year      = {2024},
  publisher = {Kaggle},
  url       = {https://kaggle.com/competitions/child-mind-institute-problematic-internet-use}
}