@misc{child-mind-institute-problematic-internet-use,
    author = {Adam Santorelli, Arianna Zuanazzi, Michael Leyden, Logan Lawler, Maggie Devkin, Yuki Kotani, Gregory Kiar},
    title = {Child Mind Institute â€” Problematic Internet Use},
    publisher = {Kaggle},
    year = {2024},
    url = {https://kaggle.com/competitions/child-mind-institute-problematic-internet-use}
}